@article{brun:hal-00955400,
  TITLE = {{Designing and proving correct a convex hull algorithm with hypermaps in Coq}},
  AUTHOR = {Brun, Christophe and Dufourd, Jean-Fran{\c c}ois and Magaud, Nicolas},
  URL = {https://inria.hal.science/hal-00955400},
  JOURNAL = {{Computational Geometry}},
  PUBLISHER = {{Elsevier}},
  VOLUME = {45},
  NUMBER = {8},
  PAGES = {436-457},
  YEAR = {2012},
  MONTH = Oct,
  DOI = {10.1016/j.comgeo.2010.06.006},
  KEYWORDS = {convex hull ; hypermaps ; formal specifications ; computer-aided proofs ; Coq system},
  PDF = {https://inria.hal.science/hal-00955400v1/file/CGTA2012-BrunDufourdMagaud.pdf},
  HAL_ID = {hal-00955400},
  HAL_VERSION = {v1},
}

@inproceedings{pichardie:hal-01702679,
  TITLE = {{Formalizing Convex Hulls Algorithms}},
  AUTHOR = {Pichardie, David and Bertot, Yves},
  URL = {https://inria.hal.science/hal-01702679},
  BOOKTITLE = {{LNCS}},
  ADDRESS = {Edinburgh, United Kingdom},
  PUBLISHER = {{Springer}},
  SERIES = {TPHOLs 2001: Theorem Proving in Higher Order Logics},
  VOLUME = {2152},
  PAGES = {346-361},
  YEAR = {2001},
  MONTH = Sep,
  DOI = {10.1007/3-540-44755-5\_24},
  PDF = {https://inria.hal.science/hal-01702679v1/file/hulls.pdf},
  HAL_ID = {hal-01702679},
  HAL_VERSION = {v1},
}

@inproceedings{ImmlerZonotopes15,
author = {Immler, Fabian},
title = {A Verified Algorithm for Geometric Zonotope/Hyperplane Intersection},
year = {2015},
isbn = {9781450332965},
publisher = {Association for Computing Machinery},
address = {New York, NY, USA},
url = {https://doi.org/10.1145/2676724.2693164},
doi = {10.1145/2676724.2693164},
booktitle = {Proceedings of the 2015 Conference on Certified Programs and Proofs},
pages = {129–136},
numpages = {8},
keywords = {geometric algorithms, interactive theorem proving},
location = {Mumbai, India},
series = {CPP '15}
}

@InProceedings{AnandRoscoq15,
author="Anand, Abhishek
and Knepper, Ross",
editor="Urban, Christian
and Zhang, Xingyuan",
title="ROSCoq: Robots Powered by Constructive Reals",
booktitle="Interactive Theorem Proving",
year="2015",
publisher="Springer International Publishing",
address="Cham",
pages="34--50",
isbn="978-3-319-22102-1"
}

@software{the_rocq_development_team_2025_15149629,
  author       = {The Rocq Development Team},
  title        = {The Rocq Prover},
  month        = apr,
  year         = 2025,
  publisher    = {Zenodo},
  version      = {9.0},
  doi          = {10.5281/zenodo.15149629},
  url          = {https://doi.org/10.5281/zenodo.15149629},
}
@book{assia_mahboubi_2022_7118596,
  author       = {Assia Mahboubi and
                  Enrico Tassi},
  title        = {Mathematical Components},
  publisher    = {Zenodo},
  year         = 2022,
  month        = sep,
  doi          = {10.5281/zenodo.7118596},
  url          = {https://doi.org/10.5281/zenodo.7118596},
}

@InProceedings{Rizaldietal18,
author="Rizaldi, Albert
and Immler, Fabian
and Sch{\"u}rmann, Bastian
and Althoff, Matthias",
editor="Lahiri, Shuvendu K.
and Wang, Chao",
title="A Formally Verified Motion Planner for Autonomous Vehicles",
booktitle="Automated Technology for Verification and Analysis",
year="2018",
publisher="Springer International Publishing",
address="Cham",
pages="75--90",
isbn="978-3-030-01090-4"
}

@misc{suppl_material,
  author= {Bertot, Yves and Portet, Thomas},
  url = {https://github.com/math-comp/trajectories/tree/vertical-cells-paper},
  title="supplementary material for this paper",
  year = {2025},
  month = Jun
}

@inproceedings{letouzey:hal-00150914,
  TITLE = {{A New Extraction for Coq}},
  AUTHOR = {Letouzey, Pierre},
  URL = {https://hal.science/hal-00150914},
  BOOKTITLE = {{Types for Proofs and Programs: International Workshop, TYPES 2002}},
  ADDRESS = {Berg en Dal, Netherlands},
  EDITOR = {Herman Geuvers and Freek Wiedijk},
  PUBLISHER = {{Springer}},
  SERIES = {Lecture Notes in Computer Science},
  PAGES = {617},
  YEAR = {2004},
  MONTH = Feb,
  PDF = {https://hal.science/hal-00150914v1/file/extraction2002.pdf},
  HAL_ID = {hal-00150914},
  HAL_VERSION = {v1},
}

@book{KnuthAxiomsHulls,
  author = "Donald Knuth",
  title = "Axioms and Hulls",
  publisher = "Springer-Verlag",
  series = "Lecture Notes in Computer Science",
  number = 606,
  year = 1991,
  doi = "10.1007/3-540-55611-7"
}

@book{Latombe91,
  author="Jean-Claude Latombe",
  title = "Robot Motion Planning",
  publisher = "Kluwer Academic Publishers",
  year = 1991,
  doi = "10.1007/978-1-4615-4022-9"
}
@incollection{bertot:hal-04312815,
  TITLE = {{Safe smooth paths between straight line obstacles}},
  AUTHOR = {Bertot, Yves},
  URL = {https://inria.hal.science/hal-04312815},
  BOOKTITLE = {{Logics and Type Systems in Theory and Practice}},
  EDITOR = {Venanzio Capretta and Robbert Krebbers and Freek Wiedijk},
  PUBLISHER = {{Springer}},
  SERIES = {Lecture Notes in Computer Science},
  VOLUME = {LNCS-14560},
  PAGES = {36--53},
  YEAR = {2024},
  MONTH = May,
  DOI = {10.1007/978-3-031-61716-4\_3},
  PDF = {https://inria.hal.science/hal-04312815v2/file/FHG_paper.pdf},
  HAL_ID = {hal-04312815},
  HAL_VERSION = {v2},
}

@article{Maric2019,
author = {Marić, Filip},
year = {2019},
title = {{Fast Formal Proof of the Erdős–Szekeres Conjecture for Convex Polygons with at Most 6 Points}},
journal = {Journal of Automated Reasoning},
Volume = 62,
pages = {301-329},
URL = {https://doi.org/10.1007/s10817-017-9423-7},
DOI = {10.1007/s10817-017-9423-7}
}

@InProceedings{subercaseaux_et_al:LIPIcs.ITP.2024.35,
  author =	{Subercaseaux, Bernardo and Nawrocki, Wojciech and Gallicchio, James and Codel, Cayden and Carneiro, Mario and Heule, Marijn J. H.},
  title =	{{Formal Verification of the Empty Hexagon Number}},
  booktitle =	{15th International Conference on Interactive Theorem Proving (ITP 2024)},
  pages =	{35:1--35:19},
  series =	{Leibniz International Proceedings in Informatics (LIPIcs)},
  ISBN =	{978-3-95977-337-9},
  ISSN =	{1868-8969},
  year =	{2024},
  volume =	{309},
  editor =	{Bertot, Yves and Kutsia, Temur and Norrish, Michael},
  publisher =	{Schloss Dagstuhl -- Leibniz-Zentrum f{\"u}r Informatik},
  address =	{Dagstuhl, Germany},
  URL =		{https://drops.dagstuhl.de/entities/document/10.4230/LIPIcs.ITP.2024.35},
  URN =		{urn:nbn:de:0030-drops-207633},
  doi =		{10.4230/LIPIcs.ITP.2024.35},
  annote =	{Keywords: Empty Hexagon Number, Discrete Computational Geometry, Erd\H{o}s-Szekeres}
}