@book {bpr,
    AUTHOR = {Basu, Saugata and Pollack, Richard and Roy,
              Marie-Fran{\c{c}}oise},
     TITLE = {Algorithms in real algebraic geometry},
    SERIES = {Algorithms and Computation in Mathematics},
    VOLUME = {10},
   EDITION = {Second},
 PUBLISHER = {Springer-Verlag},
   ADDRESS = {Berlin},
      YEAR = {2006},
     PAGES = {x+662},
      ISBN = {978-3-540-33098-1; 3-540-33098-4},
   MRCLASS = {14P10 (03C10 52C45 68Q25 68W30)},
  MRNUMBER = {2248869 (2007b:14125)},
}

@inproceedings{sagraloff12,
  author    = {Michael Sagraloff},
  title     = {When {N}ewton meets {D}escartes: a simple and fast algorithm
               to isolate the real roots of a polynomial},
  booktitle = {ISSAC},
  year      = {2012},
  pages     = {297-304},
  ee        = {http://doi.acm.org/10.1145/2442829.2442872},
  crossref  = {DBLP:conf/issac/2012},
  bibsource = {DBLP, http://dblp.uni-trier.de}
}

@inproceedings{sagraloff09,
  author    = {Kurt Mehlhorn and
               Michael Sagraloff},
  title     = {Isolating real roots of real polynomials},
  booktitle = {ISSAC},
  year      = {2009},
  pages     = {247-254},
  ee        = {http://doi.acm.org/10.1145/1576702.1576737},
  crossref  = {DBLP:conf/issac/2009},
  bibsource = {DBLP, http://dblp.uni-trier.de}
}

@proceedings{DBLP:conf/issac/2009,
  editor    = {Jeremy R. Johnson and
               Hyungju Park and
               Erich Kaltofen},
  title     = {Symbolic and Algebraic Computation, International Symposium,
               ISSAC 2009, Seoul, Republic of Korea, July 29-31, 2009,
               Proceedings},
  booktitle = {ISSAC},
  publisher = {ACM},
  year      = {2009},
  isbn      = {978-1-60558-609-0},
  bibsource = {DBLP, http://dblp.uni-trier.de}
}

@inproceedings{sagraloff11,
  author    = {Michael Kerber and
               Michael Sagraloff},
  title     = {Efficient real root approximation},
  booktitle = {ISSAC},
  year      = {2011},
  pages     = {209-216},
  ee        = {http://doi.acm.org/10.1145/1993886.1993920},
  crossref  = {DBLP:conf/issac/2011},
  bibsource = {DBLP, http://dblp.uni-trier.de}
}

@proceedings{DBLP:conf/issac/2011,
  editor    = {{\'E}ric Schost and
               Ioannis Z. Emiris},
  title     = {Symbolic and Algebraic Computation, International Symposium,
               ISSAC 2011 (co-located with FCRC 2011), San Jose, CA, USA,
               June 7-11, 2011, Proceedings},
  booktitle = {ISSAC},
  publisher = {ACM},
  year      = {2011},
  isbn      = {978-1-4503-0675-1},
  bibsource = {DBLP, http://dblp.uni-trier.de}
}

@proceedings{DBLP:conf/issac/2012,
  editor    = {Joris van der Hoeven and
               Mark van Hoeij},
  title     = {International Symposium on Symbolic and Algebraic Computation,
               ISSAC'12, Grenoble, France - July 22 - 25, 2012},
  booktitle = {ISSAC},
  publisher = {ACM},
  year      = {2012},
  isbn      = {978-1-4503-1269-1},
  ee        = {http://dl.acm.org/citation.cfm?id=2442829},
  bibsource = {DBLP, http://dblp.uni-trier.de}
}

@phdthesis{eigenwillig_phd,
  author    = {Arno Eigenwillig},
  title     = {Real root isolation for exact and approximate polynomials
               using {D}escartes' rule of signs},
  school  = {Universit{\"at} des {S}aarlandes, {G}ermany},
  year      = {2008},
  ee        = {http://scidok.sulb.uni-saarland.de/volltexte/2010/3244/},
  bibsource = {DBLP, http://dblp.uni-trier.de}
}


@article{cm_ssr,
  author    = {Cyril Cohen and
               Assia Mahboubi},
  title     = {Formal proofs in real algebraic geometry: from ordered fields
               to quantifier elimination},
  journal   = {Logical Methods in Computer Science},
  volume    = {8},
  number    = {1},
  year      = {2012},
  ee        = {http://dx.doi.org/10.2168/LMCS-8(1:2)2012},
  bibsource = {DBLP, http://dblp.uni-trier.de}
}

@phdthesis{cohen_phd,
  author={Cohen, Cytil},
  title={{Formalized algebraic numbers: construction and first order theory}},
  school={{\'E}cole polytechnique, France},
  year={2012},
}

@article{bernstein,
  author    = {Yves Bertot and
               Fr{\'e}d{\'e}rique Guilhot and
               Assia Mahboubi},
  title     = {A formal study of {B}ernstein coefficients and polynomials},
  journal   = {Mathematical Structures in Computer Science},
  volume    = {21},
  number    = {4},
  year      = {2011},
  pages     = {731-761},
  ee        = {http://dx.doi.org/10.1017/S0960129511000090},
  bibsource = {DBLP, http://dblp.uni-trier.de}
}

@book {coqart,
    AUTHOR = {Bertot, Yves and Cast{\'e}ran, Pierre},
     TITLE = {Interactive theorem proving and program development},
    SERIES = {Texts in Theoretical Computer Science. An EATCS Series},
      NOTE = {Coq'Art: the calculus of inductive constructions,
              With a foreword by G{\'e}rard Huet and Christine
              Paulin-Mohring},
 PUBLISHER = {Springer-Verlag},
   ADDRESS = {Berlin},
      YEAR = {2004},
     PAGES = {xxvi+469},
      ISBN = {3-540-20854-2},
   MRCLASS = {68-01 (03B35 68T15)},
  MRNUMBER = {2229784 (2007i:68001)},
}

@misc{coq,
  title={{The Coq Proof Assistant}},
  author={Coq Development Team, The},
  url={http://coq.inria.fr},
  howpublished = {{http://coq.inria.fr}}
}

@manual{CoqManualV84,
  author = {Coq Development Team, The},
  title = {{The Coq Proof Assistant Reference Manual -- Version V8.4}},
  year = 2012,
  url = {http://coq.inria.fr},
  note = {{http://coq.inria.fr}},
  topics = {team,lri},
  type_publi = {manuel},
  key = {CoqM}
}

@misc{ssreflect,
  title={The Mathematical Components Project: {S}sreflect extension and libraries},
  author={Ssreflect},
  url={http://www.msr-inria.com/projects/mathematical-components},
  howpublished = {{http://www.msr-inria.com/projects/mathematical-components}}
}

@misc{formath,
  title={Thierry {C}oquand, project leader: The {F}or{M}ath {P}roject, {EU} {FP7} {STREP} {FET}, grant agreement nr. 243847, {M}arch 2010 -- {F}ebruary 2013},
  author={ForMath},
  url={http://wiki.portal.chalmers.se/cse/pmwiki.php/ForMath/ForMath},
  howpublished = {{http://wiki.portal.chalmers.se/cse/pmwiki.php/ForMath/ForMath}}
}

@article {ssreflect-jfr,
    AUTHOR = {Gonthier, Georges and Mahboubi, Assia},
     TITLE = {An introduction to small scale reflection in {C}oq},
   JOURNAL = {Journal of Formalized Reasoning},
  FJOURNAL = {Journal of Formalized Reasoning},
    VOLUME = {3},
      YEAR = {2010},
    NUMBER = {2},
     PAGES = {95--152},
      ISSN = {1972-5787},
   MRCLASS = {03B35},
  MRNUMBER = {2747562 (2012a:03032)},
}

@article {mahboubi07,
    AUTHOR = {Mahboubi, Assia},
     TITLE = {Implementing the cylindrical algebraic decomposition within
              the {C}oq system},
   JOURNAL = {Math. Structures Comput. Sci.},
  FJOURNAL = {Mathematical Structures in Computer Science. A Journal in the
              Applications of Categorical, Algebraic and Geometric Methods
              in Computer Science},
    VOLUME = {17},
      YEAR = {2007},
    NUMBER = {1},
     PAGES = {99--127},
      ISSN = {0960-1295},
   MRCLASS = {03B35 (68T15)},
  MRNUMBER = {2311088 (2007m:03031)},
       DOI = {10.1017/S096012950600586X},
       URL = {http://dx.doi.org/10.1017/S096012950600586X},
}

@inproceedings{mahboubi06,
   AUTHOR = {Mahboubi, Assia},
   TITLE = {{Programming and certifying a CAD algorithm in the Coq system}},
   BOOKTITLE = {{Dagstuhl Seminar 05021 - Mathematics, Algorithms, Proofs}},
   YEAR = {2006},
   MONTH = {Jan},
   PUBLISHER = {Dagstuhl Online Research Publication Server},
   ADDRESS = {Dagstuhl, Germany},
   URL = {http://hal.inria.fr/hal-00819492}
}

@phdthesis{mahboubi_phd,
   AUTHOR = {Mahboubi, Assia},
   TITLE = {{Contributions {\`a} la certification des calculs dans R : th{\'e}orie, preuves, programmation}},
   YEAR = {2006},
   MONTH = {Nov},
   SCHOOL = {Universit{\'e} de Nice Sophia-Antipolis},
   KEYWORDS = {formalisation, Coq, assistants {\`a} la preuve, proc{\'e}dures de d{\'e}cision, calcul formel, d{\'e}composition alg{\'e}brique cylindrique, sous-r{\'e}sultants, induction ouverte},
   TYPE = {THESE},
   URL = {http://hal.inria.fr/tel-00117409}
}
