%% inria-00258384, version 4
%% http://hal.inria.fr/inria-00258384/en/
@techreport{GONTHIER:2008:INRIA-00258384:4,
    HAL_ID = {inria-00258384},
    note = {\url{http://hal.inria.fr/inria-00258384/en/}},
    title = { {A} {S}mall {S}cale {R}eflection {E}xtension for the {C}oq system},
    author = {{G}onthier, {G}eorges and {M}ahboubi, {A}ssia},
    type = {Research Report},
    institution = {INRIA},
    number = {{RR}-6455},
    year = {2008},
}

@book{coqart,
  title = { Interactive Theorem Proving and Program Development, Coq'Art:the Calculus of Inductive Constructions},
  author = {Yves Bertot and Pierre Cast{\'e}ran},
  year = 2004,
  publisher = {Springer-Verlag}
}

@Misc{ssrsite,
  title =       {{The Ssreflect Distribution}},
  author = {{Mathematical Components team}},
  note=           {\url{http://www.msr-inria.inria.fr/mathcomp}}
}


@Misc{coqsite,
  title =       {{The Coq System}},
  author = {{Coq team}},
  note=           {\url{http://coq.inria.fr/}},
}

@inproceedings{hieralg,
  author    = {Georges Gonthier and
               Assia Mahboubi and
               Laurence Rideau and
               Enrico Tassi and
               Laurent Th{\'e}ry},
  title     = {A Modular Formalisation of Finite Group Theory},
  booktitle = {TPHOLs},
  year      = {2007},
  editor    = {Klaus Schneider and
               Jens Brandt},
  pages     = {86-101},
  publisher = {Springer},
  series    = {Lecture Notes in Computer Science},
  volume    = {4732},
  ee        = {http://dx.doi.org/10.1007/978-3-540-74591-4_8},
}


@Book{bpr,
  author =    {Saugata Basu and Richard Pollack and Marie-Fran{\c c}oise Roy},
  title =        {Algorithms in Real ALgebraic Geometry},
  publisher =    {Springer},
  year =         {2006},
  volume =    {10},
  series =    {Algorithms and Computations in Mathematics},
  edition =   {Second},
}

@INPROCEEDINGS{BGOBP:BIG08,
 AUTHOR = {Yves Bertot and Georges Gonthier and Sidi {Ould Biha} and
   Ioana Pa{\c{s}}ca },
 TITLE = {{Canonical Big Operators}},
 MONTH = AUG,
 BOOKTITLE = {Proceedings of the 21st International Conference on Theorem Proving in Higher Order Logics (TPHOLs 2008)},
 YEAR = 2008,
  series = {Lecture Notes in Computer Science},
  publisher = {Springer},
  x-editorial-board = {yes},
  x-proceedings = {yes},
  x-international-audience = {yes},
  VOLUME = 5170,
  pages = {12--16},
  note = {\url{http://hal.inria.fr/inria-00331193/}},
  }

@InProceedings{packagingmathstructures,
  author =       {{Fran\c cois} Garillot and Georges Gonthier and Assia Mahboubi and Laurence Rideau},
  title =        {Packaging Mathematical Structures},
  booktitle = {TPHOLs},
  pages     = {327-342},
  year      = {2009},
  editor    = {Stefan Berghofer and
               Tobias Nipkow and
               Christian Urban and
               Makarius Wenzel},
  volume    = {5674},
  series    = {Lecture Notes in Computer Science},
  publisher = {Springer},
}


@Book{metafont,
  author =    {Donald Knuth},
  title =        {Metafont: the Program},
  publisher =    {Addison Wesley},
  pages = {123-131},
  year = {1986}
}

@article{Pasca,
  author = {Ioana Pa{\c{s}}ca},
  title = {Formal Proofs for Theoretical Properties of Newton's Method},
  journal = {Mathematical Structures in Computer Science},
  volume = {this issue},
  year = {2010}
}                  

@article{canonicalrationals03, 
  author    = {Yves Bertot},
  title     = {Simple canonical representation of rational numbers},
  journal   = {Electr. Notes Theor. Comput. Sci.},
  volume    = {85},
  number    = {7},
  year      = {2003},
  ee        = {http://www1.elsevier.com/gej-ng/31/29/23/138/48/show/Products/notes/index.htt\#002},
  bibsource = {DBLP, http://dblp.uni-trier.de}
}

@PhdThesis{zumkellerPhD,
  author =       {Roland Zumkeller},
  title =        {Global Optimization in Type Theory},
  school =       {{\'Ecole Polytechnique}},
  year =         {2008}
}


@Article{mourrainetal,
  author =       {Bernard Mourrain and Fabrice Rouillier and Marie-Fran{\c c}oise Roy},
  title =        {Bernstein's basis and real root isolation},
  journal =      {Mathematical Sciences Research Institute Publications},
  publisher =    {Cambridge University Press},
  year =         {2005},
}

@article{cadcoq,
  author    = {Assia Mahboubi},
  title     = {Implementing the cylindrical algebraic decomposition within
               the Coq system},
  journal   = {Mathematical Structures in Computer Science},
  volume    = {17},
  number    = {1},
  year      = {2007},
  pages     = {99-127},
  ee        = {http://dx.doi.org/10.1017/S096012950600586X},
  bibsource = {DBLP, http://dblp.uni-trier.de}
}

@Book{descartes,
  author =    {Ren{\'e} Descartes},
  title =        {G{\'e}om{\'etrie} (1636). A source book in Mathematics},
  publisher =    {Harvard University Press},
  year =         {1969},
}

@Book{uspensky,
  author =    {James Victor Uspensky},
  title =        {Theory of Equations},
  publisher =    {MacGraw-Hill Bok Company},
  year =         {1948},
}


@Article{rouillieretal,
  author =       {Fabrice Rouillier and Paul Zimmermann},
  title =        {Efficient Isolation of Polynomial Real Roots},
  journal =      {Journal of Computational and Applied Mathematics},
  year =         {2003},
  volume =    {162},
  number =    {1},
  pages =     {33-50},
}

@Book{bezier,
  author =    {Pierre B{\'e}zier},
  title =        {Courbes et Surfaces},
  publisher =    {Herm{\`e}s},
  year =         {1986},
}


@Book{castel,
  author =    {Paul de Castleljau},
  title =        {Formes {\`a} p{\^o}les},
  publisher =    {Herm\`es},
  year =         {1985},
}

@article{russellreals,
  author    = {Russell O'Connor},
  title     = {A monadic, functional implementation of real numbers},
  journal   = {Mathematical Structures in Computer Science},
  volume    = {17},
  number    = {1},
  year      = {2007},
  pages     = {129-159},
  ee        = {http://dx.doi.org/10.1017/S0960129506005871},
  bibsource = {DBLP, http://dblp.uni-trier.de}
}

@inproceedings{russellcoqreals,
  author    = {Russell O'Connor},
  title     = {Certified Exact Transcendental Real Number Computation in
               Coq},
  booktitle = {TPHOLs},
  year      = {2008},
  pages     = {246-261},
  publisher = {Springer},
  series    = {Lecture Notes in Computer Science},
}

@Book{bishop,
  author =    {Errett Bishop},
  title =        {Foundations of Constructive Analysis},
  publisher =    {McGraw-Hill Book Company},
  year =         {1967},
}

@Book{TroelstraVDalen1,
  author = {Troelstra, Anne Sjerp and van Dalen, Dirk},
  title = {Constructivism in Mathematics, an introduction, volume 1},
  publisher = {North-Holland, Amsterdam},
  year = {1988}
}

@inproceedings{DBLP:conf/mkm/Cruz-FilipeGW04,
  author    = {Lu\'{\i}s Cruz-Filipe and
               Herman Geuvers and
               Freek Wiedijk},
  title     = {{C-CoRN, the Constructive Coq Repository at Nijmegen}},
  booktitle = {MKM},
  year      = {2004},
  pages     = {88-103},
  ee        = {http://springerlink.metapress.com/openurl.asp?genre=article{\&}issn=0302-9743{\&}volume=3119{\&}spage=88},
  crossref  = {DBLP:conf/mkm/2004},
  bibsource = {DBLP, http://dblp.uni-trier.de}
}

@proceedings{DBLP:conf/mkm/2004,
  editor    = {Andrea Asperti and
               Grzegorz Bancerek and
               Andrzej Trybulec},
  title     = {Mathematical Knowledge Management, Third International Conference,
               MKM 2004, Bialowieza, Poland, September 19-21, 2004, Proceedings},
  booktitle = {MKM},
  publisher = {Springer},
  series    = {Lecture Notes in Computer Science},
  volume    = {3119},
  year      = {2004},
  isbn      = {3-540-23029-7},
  bibsource = {DBLP, http://dblp.uni-trier.de}
}


@techreport{ssr-tutorial,
    HAL_ID = {inria-00515548},
    annote = {\url{http://hal.inria.fr/inria-00515548/en/}},
    title = { {A}n introduction to small scale reflection in {C}oq},
    author = {{G}onthier, {G}eorges and {M}ahboubi, {A}ssia},
    note = {to appear in Journal of Formal Reasoning},
    institution = {INRIA},
    year = {2010},
}

@techreport{COHEN:2010:INRIA-00545778:1,
    HAL_ID = {inria-00545778},
    note = {\url{http://hal.inria.fr/inria-00545778/en/}},
    title = { {F}ormalizing real analysis for polynomials},
    author = {{C}ohen, {C}yril},
    institution = {Inria},
    year = {2010}
}

